@misc{ enwiki:1102404428,
    author = "{Wikipedia contributors}",
    title = "Gamma function --- {Wikipedia}{,} The Free Encyclopedia",
    year = "2022",
    url = "https://en.wikipedia.org/w/index.php?title=Gamma_function&oldid=1102404428",
    note = "[Online; accessed 5-August-2022]"
  }

 @misc{ enwiki:1102366902,
    author = "{Wikipedia contributors}",
    title = "Particular values of the gamma function --- {Wikipedia}{,} The Free Encyclopedia",
    year = "2022",
    url = "https://en.wikipedia.org/w/index.php?title=Particular_values_of_the_gamma_function&oldid=1102366902",
    note = "[Online; accessed 5-August-2022]"
  }

@misc{ enwiki:1095730995,
    author = "{Wikipedia contributors}",
    title = "Trapezoidal rule --- {Wikipedia}{,} The Free Encyclopedia",
    year = "2022",
    url = "https://en.wikipedia.org/w/index.php?title=Trapezoidal_rule&oldid=1095730995",
    note = "[Online; accessed 5-August-2022]"
  }

@misc{ enwiki:1095709670,
    author = "{Wikipedia contributors}",
    title = "Lanczos approximation --- {Wikipedia}{,} The Free Encyclopedia",
    year = "2022",
    url = "https://en.wikipedia.org/w/index.php?title=Lanczos_approximation&oldid=1095709670",
    note = "[Online; accessed 5-August-2022]"
  }

@misc{ enwiki:1068285162,
    author = "{Wikipedia contributors}",
    title = "Stirling's approximation --- {Wikipedia}{,} The Free Encyclopedia",
    year = "2022",
    url = "https://en.wikipedia.org/w/index.php?title=Stirling%27s_approximation&oldid=1068285162",
    note = "[Online; accessed 5-August-2022]"
  }

 @misc{ enwiki:1101060705,
    author = "{Wikipedia contributors}",
    title = "Pseudocode --- {Wikipedia}{,} The Free Encyclopedia",
    year = "2022",
    url = "https://en.wikipedia.org/w/index.php?title=Pseudocode&oldid=1101060705",
    note = "[Online; accessed 5-August-2022]"
  }

@misc{ enwiki:1097849466,
    author = "{Wikipedia contributors}",
    title = "Taylor series --- {Wikipedia}{,} The Free Encyclopedia",
    year = "2022",
    url = "https://en.wikipedia.org/w/index.php?title=Taylor_series&oldid=1097849466",
    note = "[Online; accessed 5-August-2022]"
  }

@Misc{medium.com,
    url="https://medium.com/vx-company/the-5-unit-testing-guidelines-f21d39c33e0b",
    title = {The 5 unit testing guidelines},
    author = {Albert Starreveld},
    note = "[Online; accessed 30-May-2019]"
}